<?xml version="1.0" encoding="UTF-8"?><collection xmlns="http://www.loc.gov/MARC21/slim"><record><leader>00310nam--2200121-i-4500</leader><controlfield tag="001">000027060</controlfield><controlfield tag="002">20161230</controlfield><controlfield tag="005">20161230201036</controlfield><controlfield tag="008">060222s1000------------r-----000-0-eng-d</controlfield><datafield ind1=" " ind2=" " tag="245"><subfield code="a">Physical chemistry.an advanced treatise</subfield></datafield><datafield ind1=" " ind2=" " tag="260"><subfield code="a">New York, Academic Press, 1970</subfield></datafield><datafield ind1=" " ind2=" " tag="700"><subfield code="a">Eyring, Henry /S.A.</subfield></datafield><datafield ind1=" " ind2=" " tag="852"><subfield code="a">34257</subfield></datafield></record></collection>